02RETORNO01COBRANCA       00000000000005065119GRANDE ORIENTE DE MINAS GERAIS237BRADESCO       0107210160000000483                                                                                                                                                                                                                                                                          020721         000001
10217496548000177000000900464008178134095                     0000000000000012231100000000000000000000000009060107214095      00000000000000122311250721000000018312534103038  000000000000000000000000000000000000000000000000000000000000000000000000000000000000018312500000000000000000000000000   020721             00000000000000                                                                  000002
10217496548000177000000900464008178134702                     0000000000000012608200000000000000000000000009060107214702      00000000000000126082260721000000006179734103120  000000000000000000000000000000000000000000000000000000000000000000000000000000000000006179700000000000000000000000000   020721             00000000000000                                                                  000003
10217496548000177000000900464008178131499                     0000000000000010734700000000000000000000000009100107211499      00000000000000107347250621000000013249123700000  000000000000000000000000000000000000000000000000000000000000000000000000000000000000000000000000000000000000000000000                          1600000000                                                                  000004
10217496548000177000000900464008178131505                     0000000000000010740100000000000000000000000009100107211505      00000000000000107401250621000000012161523700000  000000000000000000000000000000000000000000000000000000000000000000000000000000000000000000000000000000000000000000000                          1600000000                                                                  000005
10217496548000177000000900464008178131508                     0000000000000010743600000000000000000000000009100107211508      00000000000000107436250621000000016034123700000  000000000000000000000000000000000000000000000000000000000000000000000000000000000000000000000000000000000000000000000                          1600000000                                                                  000006
10217496548000177000000900464008178131510                     0000000000000010745200000000000000000000000009100107211510      00000000000000107452250621000000030782723700000  000000000000000000000000000000000000000000000000000000000000000000000000000000000000000000000000000000000000000000000                          1600000000                                                                  000007
10217496548000177000000900464008178131512                     0000000000000010747900000000000000000000000009100107211512      00000000000000107479250621000000009986323700000  000000000000000000000000000000000000000000000000000000000000000000000000000000000000000000000000000000000000000000000                          1600000000                                                                  000008
10217496548000177000000900464008178131521                     0000000000000010756800000000000000000000000009100107211521      00000000000000107568250621000000032414123700000  000000000000000000000000000000000000000000000000000000000000000000000000000000000000000000000000000000000000000000000                          1600000000                                                                  000009
10217496548000177000000900464008178131522                     0000000000000010757600000000000000000000000009100107211522      00000000000000107576250621000000014402723700000  000000000000000000000000000000000000000000000000000000000000000000000000000000000000000000000000000000000000000000000                          1600000000                                                                  000010
10217496548000177000000900464008178131529                     0000000000000010764900000000000000000000000009100107211529      00000000000000107649250621000000017665523700000  000000000000000000000000000000000000000000000000000000000000000000000000000000000000000000000000000000000000000000000                          1600000000                                                                  000011
10217496548000177000000900464008178131530                     0000000000000010765700000000000000000000000009100107211530      00000000000000107657250621000000011617723700000  000000000000000000000000000000000000000000000000000000000000000000000000000000000000000000000000000000000000000000000                          1600000000                                                                  000012
10217496548000177000000900464008178131534                     0000000000000010769P00000000000000000000000009100107211534      0000000000000010769P250621000000015490323700000  000000000000000000000000000000000000000000000000000000000000000000000000000000000000000000000000000000000000000000000                          1600000000                                                                  000013
10217496548000177000000900464008178131535                     0000000000000010770300000000000000000000000009100107211535      00000000000000107703250621000000013249123700000  000000000000000000000000000000000000000000000000000000000000000000000000000000000000000000000000000000000000000000000                          1600000000                                                                  000014
10217496548000177000000900464008178131538                     0000000000000010773800000000000000000000000009100107211538      00000000000000107738250621000000025344723700000  000000000000000000000000000000000000000000000000000000000000000000000000000000000000000000000000000000000000000000000                          1600000000                                                                  000015
10217496548000177000000900464008178131543                     0000000000000010778900000000000000000000000009100107211543      00000000000000107789250621000000012161523700000  000000000000000000000000000000000000000000000000000000000000000000000000000000000000000000000000000000000000000000000                          1600000000                                                                  000016
10217496548000177000000900464008178131547                     0000000000000010782700000000000000000000000009100107211547      00000000000000107827250621000000007811123700000  000000000000000000000000000000000000000000000000000000000000000000000000000000000000000000000000000000000000000000000                          1600000000                                                                  000017
10217496548000177000000900464008178131549                     0000000000000010784300000000000000000000000009100107211549      00000000000000107843250621000000007267323700000  000000000000000000000000000000000000000000000000000000000000000000000000000000000000000000000000000000000000000000000                          1600000000                                                                  000018
10217496548000177000000900464008178131551                     0000000000000010786P00000000000000000000000009100107211551      0000000000000010786P250621000000042202523700000  000000000000000000000000000000000000000000000000000000000000000000000000000000000000000000000000000000000000000000000                          1600000000                                                                  000019
10217496548000177000000900464008178131552                     0000000000000010787800000000000000000000000009100107211552      00000000000000107878250621000000004004523700000  000000000000000000000000000000000000000000000000000000000000000000000000000000000000000000000000000000000000000000000                          1600000000                                                                  000020
10217496548000177000000900464008178131555                     0000000000000010790800000000000000000000000009100107211555      00000000000000107908250621000000021472123700000  000000000000000000000000000000000000000000000000000000000000000000000000000000000000000000000000000000000000000000000                          1600000000                                                                  000021
10217496548000177000000900464008178131556                     0000000000000010791600000000000000000000000009100107211556      00000000000000107916250621000000020928323700000  000000000000000000000000000000000000000000000000000000000000000000000000000000000000000000000000000000000000000000000                          1600000000                                                                  000022
10217496548000177000000900464008178131557                     0000000000000010792400000000000000000000000009100107211557      00000000000000107924250621000000014402723700000  000000000000000000000000000000000000000000000000000000000000000000000000000000000000000000000000000000000000000000000                          1600000000                                                                  000023
10217496548000177000000900464008178131561                     0000000000000010796700000000000000000000000009100107211561      00000000000000107967250621000000004548323700000  000000000000000000000000000000000000000000000000000000000000000000000000000000000000000000000000000000000000000000000                          1600000000                                                                  000024
10217496548000177000000900464008178131579                     0000000000000010814900000000000000000000000009100107211579      00000000000000108149250621000000021472123700000  000000000000000000000000000000000000000000000000000000000000000000000000000000000000000000000000000000000000000000000                          1600000000                                                                  000025
10217496548000177000000900464008178131580                     0000000000000010815700000000000000000000000009100107211580      00000000000000108157250621000000013858923700000  000000000000000000000000000000000000000000000000000000000000000000000000000000000000000000000000000000000000000000000                          1600000000                                                                  000026
10217496548000177000000900464008178131581                     0000000000000010816500000000000000000000000009100107211581      00000000000000108165250621000000009442523700000  000000000000000000000000000000000000000000000000000000000000000000000000000000000000000000000000000000000000000000000                          1600000000                                                                  000027
10217496548000177000000900464008178131582                     0000000000000010817300000000000000000000000009100107211582      00000000000000108173250621000000012705323700000  000000000000000000000000000000000000000000000000000000000000000000000000000000000000000000000000000000000000000000000                          1600000000                                                                  000028
10217496548000177000000900464008178131583                     0000000000000010818100000000000000000000000009100107211583      00000000000000108181250621000000011617723700000  000000000000000000000000000000000000000000000000000000000000000000000000000000000000000000000000000000000000000000000                          1600000000                                                                  000029
10217496548000177000000900464008178131586                     0000000000000010821100000000000000000000000009100107211586      00000000000000108211250621000000016034123700000  000000000000000000000000000000000000000000000000000000000000000000000000000000000000000000000000000000000000000000000                          1600000000                                                                  000030
10217496548000177000000900464008178131588                     0000000000000010823800000000000000000000000009100107211588      00000000000000108238250621000000004548323700000  000000000000000000000000000000000000000000000000000000000000000000000000000000000000000000000000000000000000000000000                          1600000000                                                                  000031
10217496548000177000000900464008178131589                     0000000000000010824600000000000000000000000009100107211589      00000000000000108246250621000000008354923700000  000000000000000000000000000000000000000000000000000000000000000000000000000000000000000000000000000000000000000000000                          1600000000                                                                  000032
10217496548000177000000900464008178131593                     0000000000000010828900000000000000000000000009100107211593      00000000000000108289250621000000011073923700000  000000000000000000000000000000000000000000000000000000000000000000000000000000000000000000000000000000000000000000000                          1600000000                                                                  000033
10217496548000177000000900464008178131594                     0000000000000010829700000000000000000000000009100107211594      00000000000000108297250621000000011617723700000  000000000000000000000000000000000000000000000000000000000000000000000000000000000000000000000000000000000000000000000                          1600000000                                                                  000034
10217496548000177000000900464008178131595                     0000000000000010830000000000000000000000000009100107211595      00000000000000108300250621000000013249123700000  000000000000000000000000000000000000000000000000000000000000000000000000000000000000000000000000000000000000000000000                          1600000000                                                                  000035
10217496548000177000000900464008178131597                     0000000000000010832700000000000000000000000009100107211597      00000000000000108327250621000000018753123700000  000000000000000000000000000000000000000000000000000000000000000000000000000000000000000000000000000000000000000000000                          1600000000                                                                  000036
10217496548000177000000900464008178131599                     0000000000000010834300000000000000000000000009100107211599      00000000000000108343250621000000009986323700000  000000000000000000000000000000000000000000000000000000000000000000000000000000000000000000000000000000000000000000000                          1600000000                                                                  000037
10217496548000177000000900464008178131600                     0000000000000010835100000000000000000000000009100107211600      00000000000000108351250621000000010530123700000  000000000000000000000000000000000000000000000000000000000000000000000000000000000000000000000000000000000000000000000                          1600000000                                                                  000038
10217496548000177000000900464008178131602                     0000000000000010837800000000000000000000000009100107211602      00000000000000108378250621000000008898723700000  000000000000000000000000000000000000000000000000000000000000000000000000000000000000000000000000000000000000000000000                          1600000000                                                                  000039
10217496548000177000000900464008178131603                     0000000000000010838600000000000000000000000009100107211603      00000000000000108386250621000000015490323700000  000000000000000000000000000000000000000000000000000000000000000000000000000000000000000000000000000000000000000000000                          1600000000                                                                  000040
10217496548000177000000900464008178131609                     0000000000000010844000000000000000000000000009100107211609      00000000000000108440250621000000008898723700000  000000000000000000000000000000000000000000000000000000000000000000000000000000000000000000000000000000000000000000000                          1600000000                                                                  000041
10217496548000177000000900464008178131611                     0000000000000010846700000000000000000000000009100107211611      00000000000000108467250621000000008354923700000  000000000000000000000000000000000000000000000000000000000000000000000000000000000000000000000000000000000000000000000                          1600000000                                                                  000042
10217496548000177000000900464008178131613                     0000000000000010848300000000000000000000000009100107211613      00000000000000108483250621000000006723523700000  000000000000000000000000000000000000000000000000000000000000000000000000000000000000000000000000000000000000000000000                          1600000000                                                                  000043
10217496548000177000000900464008178131617                     0000000000000010852100000000000000000000000009100107211617      00000000000000108521250621000000006179723700000  000000000000000000000000000000000000000000000000000000000000000000000000000000000000000000000000000000000000000000000                          1600000000                                                                  000044
10217496548000177000000900464008178131619                     0000000000000010854800000000000000000000000009100107211619      00000000000000108548250621000000012705323700000  000000000000000000000000000000000000000000000000000000000000000000000000000000000000000000000000000000000000000000000                          1600000000                                                                  000045
10217496548000177000000900464008178131623                     0000000000000010858000000000000000000000000009100107211623      00000000000000108580250621000000009442523700000  000000000000000000000000000000000000000000000000000000000000000000000000000000000000000000000000000000000000000000000                          1600000000                                                                  000046
10217496548000177000000900464008178131624                     0000000000000010859900000000000000000000000009100107211624      00000000000000108599250621000000005635923700000  000000000000000000000000000000000000000000000000000000000000000000000000000000000000000000000000000000000000000000000                          1600000000                                                                  000047
10217496548000177000000900464008178131626                     0000000000000010861000000000000000000000000009100107211626      00000000000000108610250621000000006179723700000  000000000000000000000000000000000000000000000000000000000000000000000000000000000000000000000000000000000000000000000                          1600000000                                                                  000048
10217496548000177000000900464008178131634                     0000000000000010869600000000000000000000000009100107211634      00000000000000108696250621000000007811123700000  000000000000000000000000000000000000000000000000000000000000000000000000000000000000000000000000000000000000000000000                          1600000000                                                                  000049
10217496548000177000000900464008178131637                     0000000000000010872600000000000000000000000009100107211637      00000000000000108726250621000000013249123700000  000000000000000000000000000000000000000000000000000000000000000000000000000000000000000000000000000000000000000000000                          1600000000                                                                  000050
10217496548000177000000900464008178131640                     0000000000000010875000000000000000000000000009100107211640      00000000000000108750250621000000012705323700000  000000000000000000000000000000000000000000000000000000000000000000000000000000000000000000000000000000000000000000000                          1600000000                                                                  000051
10217496548000177000000900464008178131641                     0000000000000010876900000000000000000000000009100107211641      00000000000000108769250621000000007267323700000  000000000000000000000000000000000000000000000000000000000000000000000000000000000000000000000000000000000000000000000                          1600000000                                                                  000052
10217496548000177000000900464008178131643                     0000000000000010878500000000000000000000000009100107211643      00000000000000108785250621000000011073923700000  000000000000000000000000000000000000000000000000000000000000000000000000000000000000000000000000000000000000000000000                          1600000000                                                                  000053
10217496548000177000000900464008178131649                     0000000000000010884P00000000000000000000000009100107211649      0000000000000010884P250621000000009986323700000  000000000000000000000000000000000000000000000000000000000000000000000000000000000000000000000000000000000000000000000                          1600000000                                                                  000054
10217496548000177000000900464008178131650                     0000000000000010885800000000000000000000000009100107211650      00000000000000108858250621000000022015923700000  000000000000000000000000000000000000000000000000000000000000000000000000000000000000000000000000000000000000000000000                          1600000000                                                                  000055
10217496548000177000000900464008178131652                     0000000000000010887400000000000000000000000009100107211652      00000000000000108874250621000000009986323700000  000000000000000000000000000000000000000000000000000000000000000000000000000000000000000000000000000000000000000000000                          1600000000                                                                  000056
10217496548000177000000900464008178131654                     0000000000000010889000000000000000000000000009100107211654      00000000000000108890250621000000010530123700000  000000000000000000000000000000000000000000000000000000000000000000000000000000000000000000000000000000000000000000000                          1600000000                                                                  000057
10217496548000177000000900464008178131655                     0000000000000010890400000000000000000000000009100107211655      00000000000000108904250621000000013792923700000  000000000000000000000000000000000000000000000000000000000000000000000000000000000000000000000000000000000000000000000                          1600000000                                                                  000058
10217496548000177000000900464008178131660                     0000000000000010895500000000000000000000000009100107211660      00000000000000108955250621000000006723523700000  000000000000000000000000000000000000000000000000000000000000000000000000000000000000000000000000000000000000000000000                          1600000000                                                                  000059
10217496548000177000000900464008178131661                     0000000000000010896300000000000000000000000009100107211661      00000000000000108963250621000000006723523700000  000000000000000000000000000000000000000000000000000000000000000000000000000000000000000000000000000000000000000000000                          1600000000                                                                  000060
10217496548000177000000900464008178131666                     0000000000000010901300000000000000000000000009100107211666      00000000000000109013250621000000006179723700000  000000000000000000000000000000000000000000000000000000000000000000000000000000000000000000000000000000000000000000000                          1600000000                                                                  000061
10217496548000177000000900464008178131667                     0000000000000010902100000000000000000000000009100107211667      00000000000000109021250621000000005092123700000  000000000000000000000000000000000000000000000000000000000000000000000000000000000000000000000000000000000000000000000                          1600000000                                                                  000062
10217496548000177000000900464008178131668                     0000000000000010903P00000000000000000000000009100107211668      0000000000000010903P250621000000010530123700000  000000000000000000000000000000000000000000000000000000000000000000000000000000000000000000000000000000000000000000000                          1600000000                                                                  000063
10217496548000177000000900464008178131669                     0000000000000010904800000000000000000000000009100107211669      00000000000000109048250621000000005635923700000  000000000000000000000000000000000000000000000000000000000000000000000000000000000000000000000000000000000000000000000                          1600000000                                                                  000064
10217496548000177000000900464008178131671                     0000000000000010906400000000000000000000000009100107211671      00000000000000109064250621000000014402723700000  000000000000000000000000000000000000000000000000000000000000000000000000000000000000000000000000000000000000000000000                          1600000000                                                                  000065
10217496548000177000000900464008178131673                     0000000000000010908000000000000000000000000009100107211673      00000000000000109080250621000000006179723700000  000000000000000000000000000000000000000000000000000000000000000000000000000000000000000000000000000000000000000000000                          1600000000                                                                  000066
10217496548000177000000900464008178131676                     0000000000000010911000000000000000000000000009100107211676      00000000000000109110250621000000013792923700000  000000000000000000000000000000000000000000000000000000000000000000000000000000000000000000000000000000000000000000000                          1600000000                                                                  000067
10217496548000177000000900464008178131680                     0000000000000010915300000000000000000000000009100107211680      00000000000000109153250621000000002916923700000  000000000000000000000000000000000000000000000000000000000000000000000000000000000000000000000000000000000000000000000                          1600000000                                                                  000068
10217496548000177000000900464008178131682                     0000000000000010917P00000000000000000000000009100107211682      0000000000000010917P250621000000005635923700000  000000000000000000000000000000000000000000000000000000000000000000000000000000000000000000000000000000000000000000000                          1600000000                                                                  000069
10217496548000177000000900464008178131684                     0000000000000010919600000000000000000000000009100107211684      00000000000000109196250621000000011073923700000  000000000000000000000000000000000000000000000000000000000000000000000000000000000000000000000000000000000000000000000                          1600000000                                                                  000070
10217496548000177000000900464008178131686                     0000000000000010921800000000000000000000000009100107211686      00000000000000109218250621000000004548323700000  000000000000000000000000000000000000000000000000000000000000000000000000000000000000000000000000000000000000000000000                          1600000000                                                                  000071
10217496548000177000000900464008178131687                     0000000000000010922600000000000000000000000009100107211687      00000000000000109226250621000000009986323700000  000000000000000000000000000000000000000000000000000000000000000000000000000000000000000000000000000000000000000000000                          1600000000                                                                  000072
10217496548000177000000900464008178131689                     0000000000000010924200000000000000000000000009100107211689      00000000000000109242250621000000003460723700000  000000000000000000000000000000000000000000000000000000000000000000000000000000000000000000000000000000000000000000000                          1600000000                                                                  000073
10217496548000177000000900464008178131692                     0000000000000010927700000000000000000000000009100107211692      00000000000000109277250621000000006179723700000  000000000000000000000000000000000000000000000000000000000000000000000000000000000000000000000000000000000000000000000                          1600000000                                                                  000074
10217496548000177000000900464008178131693                     0000000000000010928500000000000000000000000009100107211693      00000000000000109285250621000000003460723700000  000000000000000000000000000000000000000000000000000000000000000000000000000000000000000000000000000000000000000000000                          1600000000                                                                  000075
10217496548000177000000900464008178131694                     0000000000000010929300000000000000000000000009100107211694      00000000000000109293250621000000005635923700000  000000000000000000000000000000000000000000000000000000000000000000000000000000000000000000000000000000000000000000000                          1600000000                                                                  000076
10217496548000177000000900464008178131695                     0000000000000010930700000000000000000000000009100107211695      00000000000000109307250621000000007267323700000  000000000000000000000000000000000000000000000000000000000000000000000000000000000000000000000000000000000000000000000                          1600000000                                                                  000077
10217496548000177000000900464008178131696                     0000000000000010931500000000000000000000000009100107211696      00000000000000109315250621000000000741723700000  000000000000000000000000000000000000000000000000000000000000000000000000000000000000000000000000000000000000000000000                          1600000000                                                                  000078
10217496548000177000000900464008178131698                     0000000000000010933100000000000000000000000009100107211698      00000000000000109331250621000000011617723700000  000000000000000000000000000000000000000000000000000000000000000000000000000000000000000000000000000000000000000000000                          1600000000                                                                  000079
10217496548000177000000900464008178131699                     0000000000000010934P00000000000000000000000009100107211699      0000000000000010934P250621000000005635923700000  000000000000000000000000000000000000000000000000000000000000000000000000000000000000000000000000000000000000000000000                          1600000000                                                                  000080
10217496548000177000000900464008178131700                     0000000000000010935800000000000000000000000009100107211700      00000000000000109358250621000000005092123700000  000000000000000000000000000000000000000000000000000000000000000000000000000000000000000000000000000000000000000000000                          1600000000                                                                  000081
10217496548000177000000900464008178131702                     0000000000000010937400000000000000000000000009100107211702      00000000000000109374250621000000004004523700000  000000000000000000000000000000000000000000000000000000000000000000000000000000000000000000000000000000000000000000000                          1600000000                                                                  000082
10217496548000177000000900464008178131703                     0000000000000010938200000000000000000000000009100107211703      00000000000000109382250621000000004548323700000  000000000000000000000000000000000000000000000000000000000000000000000000000000000000000000000000000000000000000000000                          1600000000                                                                  000083
10217496548000177000000900464008178131704                     0000000000000010939000000000000000000000000009100107211704      00000000000000109390250621000000005635923700000  000000000000000000000000000000000000000000000000000000000000000000000000000000000000000000000000000000000000000000000                          1600000000                                                                  000084
10217496548000177000000900464008178131706                     0000000000000010941200000000000000000000000009100107211706      00000000000000109412250621000000004004523700000  000000000000000000000000000000000000000000000000000000000000000000000000000000000000000000000000000000000000000000000                          1600000000                                                                  000085
10217496548000177000000900464008178131710                     0000000000000010945500000000000000000000000009100107211710      00000000000000109455250621000000004004523700000  000000000000000000000000000000000000000000000000000000000000000000000000000000000000000000000000000000000000000000000                          1600000000                                                                  000086
10217496548000177000000900464008178131712                     0000000000000010947100000000000000000000000009100107211712      00000000000000109471250621000000005635923700000  000000000000000000000000000000000000000000000000000000000000000000000000000000000000000000000000000000000000000000000                          1600000000                                                                  000087
10217496548000177000000900464008178131718                     0000000000000010953600000000000000000000000009100107211718      00000000000000109536250621000000001829323700000  000000000000000000000000000000000000000000000000000000000000000000000000000000000000000000000000000000000000000000000                          1600000000                                                                  000088
10217496548000177000000900464008178131719                     0000000000000010954400000000000000000000000009100107211719      00000000000000109544250621000000005092123700000  000000000000000000000000000000000000000000000000000000000000000000000000000000000000000000000000000000000000000000000                          1600000000                                                                  000089
10217496548000177000000900464008178131720                     0000000000000010955200000000000000000000000009100107211720      00000000000000109552250621000000003460723700000  000000000000000000000000000000000000000000000000000000000000000000000000000000000000000000000000000000000000000000000                          1600000000                                                                  000090
10217496548000177000000900464008178132698                     0000000000000011508000000000000000000000000009100107212698      00000000000000115080250621000000011617723700000  000000000000000000000000000000000000000000000000000000000000000000000000000000000000000000000000000000000000000000000                          1600000000                                                                  000091
9201237          000002600000003320943400000483          00000000000000000000000244922000020000002449220008800000935714000000000000000000000000000000000000000000000000000000000000000000000                                                                                                                                                                              00000000000000000000000         000092
